<record><leader>00000cas a22000007a 4500</leader><controlfield tag="001">12569863</controlfield><controlfield tag="008">850918c19759999alucr ne      0    0eng d</controlfield><datafield ind1=" " ind2=" " tag="010"><subfield code="a">sn 85044929 </subfield></datafield><datafield ind1=" " ind2=" " tag="040"><subfield code="a">CPN</subfield><subfield code="b">eng</subfield><subfield code="c">CPN</subfield><subfield code="d">OCLCQ</subfield></datafield><datafield ind1=" " ind2=" " tag="042"><subfield code="a">msc</subfield></datafield><datafield ind1="0" ind2="4" tag="245"><subfield code="a">The Central Alabama independent advertiser and the union-banner.</subfield></datafield><datafield ind1=" " ind2=" " tag="260"><subfield code="a">Clanton, Ala. :</subfield><subfield code="b">Mike Kelley,</subfield><subfield code="c">1975-</subfield></datafield><datafield ind1=" " ind2=" " tag="300"><subfield code="a">v. :</subfield><subfield code="b">ill. ;</subfield><subfield code="c">57 cm.</subfield></datafield><datafield ind1=" " ind2=" " tag="310"><subfield code="a">Semiweekly,</subfield><subfield code="b">&lt;Aug. 1, 1978-&gt;</subfield></datafield><datafield ind1=" " ind2=" " tag="321"><subfield code="a">Weekly,</subfield><subfield code="b">&lt;Aug. 27, 1975-July 25, 1978&gt;</subfield></datafield><datafield ind1="0" ind2=" " tag="362"><subfield code="a">Vol. 5, no. 35 (Aug. 27, 1975)-</subfield></datafield><datafield ind1=" " ind2=" " tag="752"><subfield code="a">United States</subfield><subfield code="b">Alabama</subfield><subfield code="c">Chilton</subfield><subfield code="d">Clanton.</subfield></datafield><datafield ind1="0" ind2="4" tag="780"><subfield code="t">Central Alabama independent advertiser</subfield></datafield><datafield ind1="0" ind2="4" tag="780"><subfield code="t">Union-banner</subfield><subfield code="w">(DLC)sn 85044928</subfield></datafield></record>